@article{arguello2016repro,
 author = {Arguello, Jaime and Crane, Matt and Diaz, Fernando and Lin, Jimmy and Trotman, Andrew},
 title = {Report on the SIGIR 2015 Workshop on Reproducibility, Inexplicability, and Generalizability of Results (RIGOR)},
 journal = {SIGIR Forum},
 issue_date = {December 2015},
 volume = {49},
 number = {2},
 month = jan,
 year = {2016},
 issn = {0163-5840},
 pages = {107--116},
 numpages = {10},
 url = {http://doi.acm.org/10.1145/2888422.2888439},
 doi = {10.1145/2888422.2888439},
 acmid = {2888439},
 publisher = {ACM},
 address = {New York, NY, USA},
}


@Inbook{Dowie2013,
author="Dowie, Doug
and Azzopardi, Leif",
title="Re-leashed! The PuppyIR Framework for Developing Information Services for Children, Adults and Dogs",
bookTitle="Advances in Information Retrieval: 35th European Conference on IR Research, ECIR 2013, Moscow, Russia",
year="2013",
pages="824--827"
}

@article{zobel2004zettair,
  title={The zettair search engine},
  author={Zobel, Justin and Williams, Hugh and Scholer, Falk and Yiannis, John and Hein, S},
  journal={Search Engine Group, RMIT University, Melbourne, Australia},
  year={2004}
}

@inproceedings{ogilvie2001experiments,
  title={Experiments Using the Lemur Toolkit.},
  author={Ogilvie, Paul and Callan, James P},
  booktitle={TREC},
  volume={10},
  pages={103--108},
  year={2001}
}

@inproceedings{buttcher2005efficiency,
  title={Efficiency vs. Effectiveness in Terabyte-Scale Information Retrieval.},
  author={B{\"u}ttcher, Stefan and Clarke, Charles LA},
  booktitle={TREC},
  year={2005}
}

@inproceedings{Metzler:2012:EMI:2348283.2348534,
 author = {Metzler, Donald and Kurland, Oren},
 title = {Experimental Methods for Information Retrieval},
 booktitle = {Proceedings of the 35th International ACM SIGIR Conference on Research and Development in Information Retrieval},
 series = {SIGIR '12},
 year = {2012},
 location = {Portland, Oregon, USA},
 pages = {1185--1186},
 numpages = {2}
}
@article{macdonald2012puppy,
  title={From puppy to maturity: Experiences in developing Terrier},
  author={Macdonald, Craig and McCreadie, Richard and Santos, Rodrygo LT and Ounis, Iadh},
  journal={Proc. of OSIR at SIGIR},
  pages={60--63},
  year={2012}
}

@misc{apache:lucene,
   author = {Lucene},
   note   = {\url{https://lucene.apache.org}}
}

@misc{elasticsearch,
  author = {Elasticsearch},
  note = {\url{https://www.elastic.co/products/elasticsearch}}
}

@inproceedings{Lv:2011:DVL:2009916.2010070,
 author = {Lv, Yuanhua and Zhai, ChengXiang},
 title = {When Documents Are Very Long, BM25 Fails!},
 booktitle = {Proceedings of the 34th International ACM SIGIR Conference on Research and Development in Information Retrieval},
 series = {SIGIR '11},
 year = {2011},
 location = {Beijing, China},
 pages = {1103--1104},
 numpages = {2},
}

@book{Melucci2013,
  title={{Information retrieval. Metodi e modelli per i motori di ricerca}},
  author={Melucci, M.},
  isbn={9788820421120},
  series={Informatica: Nuova serie},
  year={2013},
  publisher={Franco Angeli}
}

@misc{PyLucene,
  author = {PyLucene},
  note = {\url{http://lucene.apache.org/pylucene/}}
}



@inproceedings{Fernandez2012,
author = {Juan M. Fern\'andez-Luna and Juan F. Huete and Julio C. Rodr\'iguez-Cano and Mar\'ia  Rodr\'iguez-Hern\'andez } ,
title = { Teaching and learning information retrieval based on a visual and interactive tool: sulaIR },
booktitle = {4Th International Conference on Education and New Learning Technologies (EDULEARN)},
year = { 2012 },
pages = {6634-6642},
location = { Barcelona, Espa√±a },
}


@inproceedings{Ounis:2005:TIR:2149960.2150009,
 author = {Ounis, Iadh and Amati, Gianni and Plachouras, Vassilis and He, Ben and Macdonald, Craig and Johnson, Douglas},
 title = {Terrier Information Retrieval Platform},
 booktitle = {Proceedings of the 27th European Conference on Advances in Information Retrieval Research},
 series = {ECIR'05},
 year = {2005},
 isbn = {3-540-25295-9, 978-3-540-25295-5},
 location = {Santiago de Compostela, Spain},
 pages = {517--519},
 numpages = {3},
 url = {http://dx.doi.org/10.1007/978-3-540-31865-1_37},
 doi = {10.1007/978-3-540-31865-1_37},
 acmid = {2150009},
 publisher = {Springer-Verlag},
 address = {Berlin, Heidelberg},
} 

@TECHREPORT{Strohman05indri:a,
    author = {Trevor Strohman and Donald Metzler and Howard Turtle and W. Bruce Croft},
    title = {Indri: a language-model based search engine for complex queries},
    institution = {in Proceedings of the International Conference on Intelligent Analysis},
    year = {2005}
}